@article{kramer1991nonlinear,
  title={Nonlinear principal component analysis using autoassociative neural networks},
  author={Kramer, Mark A},
  journal={AIChE journal},
  volume={37},
  number={2},
  pages={233--243},
  year={1991},
  publisher={Wiley Online Library}
}
